
@INPROCEEDINGS{Har01,
  author = {Tim Harris},
  title = {A Pragmatic Implementation of Non-blocking Linked-Lists},
  booktitle = {DISC},
  year = {2001},
  pages = {300--314},
}


@INPROCEEDINGS{Mic02,
  author = {Maged M. Michael},
  title = {High performance dynamic lock-free hash tables and list-based sets},
  booktitle = {SPAA},
  year = {2002},
  pages = {73--82},
}

@article{DFGG11,
  author = {Aleksandar Dragojevic and Pascal Felber and Vincent Gramoli and Rachid Guerraoui},
  title = {Why {STM} can be more than a Research Toy},
  journal = {Communications of the ACM (CACM)},
  year = {2011},
  month = {Apr},
  note = {To appear},
} 

@INPROCEEDINGS{HLMS03,
  author = {Herlihy, Maurice and Luchangco, Victor and Moir, Mark and Scherer,
	III, William N.},
  title = {Software transactional memory for dynamic-sized data structures},
  booktitle = {PODC},
  year = {2003},
}

@inproceedings{FFR08,
 author = {Felber, Pascal and Fetzer, Christof and Riegel, Torvald},
 title = {Dynamic performance tuning of word-based software transactional memory},
 booktitle = {PPoPP '08: Proceedings of the 13th ACM SIGPLAN Symposium on Principles and practice of parallel programming},
 year = {2008},
 isbn = {978-1-59593-795-7},
 pages = {237--246},
 location = {Salt Lake City, UT, USA},
 doi = {http://doi.acm.org/10.1145/1345206.1345241},
 publisher = {ACM},
 address = {New York, NY, USA},
}

@INPROCEEDINGS{HK08,
  author = {Maurice Herlihy and Eric Koskinen},
  title = {Transactional Boosting: A Methodology for Highly-Concurrent Transactional
	Objects},
  booktitle = {PPoPP},
  year = {2008}
}

@incollection{ST95,
  author	= {Shavit, Nir and Touitou, Dan},
  title		= {Software Transactional Memory},
  booktitle	= {Proceedings of the 14th ACM Symposium on Principles of Distributed Computing},
  pages		= {204--213},
  month		= {Aug},
  urlpage	= {http://doi.acm.org/10.1145/224964.224987},
  year		= {1995}
}

@phdthesis{Fra03,
	title = {Practical lock freedom},
	author = {Keir Fraser},
	month = {September},
	year = {2003},
	school = {Cambridge University},
	number = {Technical Report UCAM-CL-TR-579},
}


@inproceedings{FGG09,
  author = {Pascal Felber and Vincent Gramoli and Rachid Guerraoui},
  title = {Elastic Transactions},
  booktitle = {Proceedings of the 23rd International Symposum on Distributed Computing (DISC'09)},
  publisher = {Springer-Verlag},
  volume = {5805},
  series = {LNCS},
  year = {2009},
  month = {sep},
  pages = {93--107},
}
